[gd_scene load_steps=6 format=2]

[ext_resource path="res://scenes/player/Player.gd" type="Script" id=1]

[sub_resource type="BoxShape" id=1]
extents = Vector3( 1, 0.521909, 0.0460671 )

[sub_resource type="SphereShape" id=2]
radius = 0.539531

[sub_resource type="BoxShape" id=3]
extents = Vector3( 0.914138, 1.60123, 0.538132 )

[sub_resource type="CapsuleShape" id=4]
radius = 1.39061
height = 2.34726

[node name="Player" type="KinematicBody" groups=[
"Player",
]]
script = ExtResource( 1 )

[node name="Model" type="CSGSphere" parent="."]
transform = Transform( 0.522237, 0, 0, 0, 0.522237, 0, 0, 0, 0.522237, 0, 3.92659, 0 )

[node name="CSGBox" type="CSGBox" parent="Model"]
transform = Transform( 3.49898, 0, 0, 0, 6.2898, 0, 0, 0, 1.91484, 0, -4.3334, 0 )
width = 1.0
height = 1.0
depth = 1.0

[node name="VisibilityPoints" type="Node" parent="Model/CSGBox"]

[node name="Spatial" type="Spatial" parent="Model/CSGBox/VisibilityPoints"]
transform = Transform( 0.846286, 0, -0.532729, 0, 1, 0, 0.532729, 0, 0.846286, -0.867162, 3.31452, 0.480914 )

[node name="Spatial2" type="Spatial" parent="Model/CSGBox/VisibilityPoints"]
transform = Transform( 1, 0, 0, 0, 1, 0, 0, 0, 1, 0.737884, 3.24185, 0.540829 )

[node name="Spatial3" type="Spatial" parent="Model/CSGBox/VisibilityPoints"]
transform = Transform( 1, 0, 0, 0, 1, 0, 0, 0, 1, -0.980926, 3.63437, -0.540831 )

[node name="Spatial4" type="Spatial" parent="Model/CSGBox/VisibilityPoints"]
transform = Transform( 1, 0, 0, 0, 1, 0, 0, 0, 1, 0.979376, 3.59111, -0.519197 )

[node name="Spatial5" type="Spatial" parent="Model/CSGBox/VisibilityPoints"]
transform = Transform( 1, 0, 0, 0, 1, 0, 0, 0, 1, -0.496513, 4.00211, -0.00311375 )

[node name="Spatial6" type="Spatial" parent="Model/CSGBox/VisibilityPoints"]
transform = Transform( 1, 0, 0, 0, 1, 0, 0, 0, 1, 0.411479, 4.0454, 0 )

[node name="Spatial7" type="Spatial" parent="Model/CSGBox/VisibilityPoints"]
transform = Transform( 1, 0, 0, 0, 1, 0, 0, 0, 1, 0, 3.95887, 0.475433 )

[node name="Spatial8" type="Spatial" parent="Model/CSGBox/VisibilityPoints"]
transform = Transform( 1, 0, 0, 0, 1, 0, 0, 0, 1, 0, 3.95887, -0.497113 )

[node name="Spatial9" type="Spatial" parent="Model/CSGBox/VisibilityPoints"]
transform = Transform( 1, 0, 0, 0, 1, 0, 0, 0, 1, 0.893169, 0, 0.475023 )

[node name="Spatial10" type="Spatial" parent="Model/CSGBox/VisibilityPoints"]
transform = Transform( 1, 0, 0, 0, 1, 0, 0, 0, 1, -0.890617, 0, 0.513127 )

[node name="Spatial11" type="Spatial" parent="Model/CSGBox/VisibilityPoints"]
transform = Transform( 1, 0, 0, 0, 1, 0, 0, 0, 1, 0.954954, 0, -0.551136 )

[node name="Spatial12" type="Spatial" parent="Model/CSGBox/VisibilityPoints"]
transform = Transform( 1, 0, 0, 0, 1, 0, 0, 0, 1, -0.99321, 0, -0.532131 )

[node name="Spatial13" type="Spatial" parent="Model/CSGBox/VisibilityPoints"]
transform = Transform( 1, 0, 0, 0, 1, 0, 0, 0, 1, 0, 1.72943, 0.551136 )

[node name="Spatial14" type="Spatial" parent="Model/CSGBox/VisibilityPoints"]
transform = Transform( 1, 0, 0, 0, 1, 0, 0, 0, 1, 0, 1.67241, -0.513127 )

[node name="FeetCollisionShape" type="CollisionShape" parent="." groups=[
"BodyPart",
]]
transform = Transform( 1, 0, 0, 0, -4.37114e-08, -1, 0, 1, -4.37114e-08, 0, 0.0368661, 0 )
shape = SubResource( 1 )

[node name="HeadColllisionShape" type="CollisionShape" parent="." groups=[
"HeadPart",
]]
transform = Transform( 1, 0, 0, 0, 1, 0, 0, 0, 1, -0.0146177, 3.92162, 0.0143909 )
shape = SubResource( 2 )

[node name="BodyCollisionShape" type="CollisionShape" parent="." groups=[
"BodyPart",
]]
transform = Transform( 1, 0, 0, 0, 1, 0, 0, 0, 1, -0.0246577, 1.66082, -0.0100179 )
shape = SubResource( 3 )

[node name="Pivot" type="Spatial" parent="."]
transform = Transform( -1, 0, -8.74228e-08, 0, 1, 0, 8.74228e-08, 0, -1, 0, 4.003, 0.615384 )

[node name="Camera" type="Camera" parent="Pivot"]

[node name="RayCast" type="RayCast" parent="Pivot/Camera"]
enabled = true
cast_to = Vector3( 1, -1, 0 )

[node name="WeaponReference" type="Position3D" parent="Pivot"]
transform = Transform( -1, 0, 3.25841e-07, 0, 1, 0, -3.25841e-07, 0, -1, 0, -2.145, 0.615 )

[node name="RayCastChecker" type="RayCast" parent="."]
transform = Transform( 1, 0, 0, 0, 1, 0, 0, 0, 1, 0, 1, 0 )
cast_to = Vector3( 0, -0.8, 0 )

[node name="StairRayCasts" type="Spatial" parent="."]

[node name="StairRayCast" type="RayCast" parent="StairRayCasts"]
transform = Transform( 1, 0, 0, 0, 1, 0, 0, 0, 1, 0, 1, 0.8 )
enabled = true
cast_to = Vector3( 0, -0.8, 0 )

[node name="StairRayCast2" type="RayCast" parent="StairRayCasts"]
transform = Transform( 1, 0, 0, 0, 1, 0, 0, 0, 1, 0, 1, -0.8 )
enabled = true
cast_to = Vector3( 0, -0.8, 0 )

[node name="StairRayCast3" type="RayCast" parent="StairRayCasts"]
transform = Transform( 1, 0, 0, 0, 1, 0, 0, 0, 1, -1.2, 1, 0 )
enabled = true
cast_to = Vector3( 0, -0.8, 0 )

[node name="StairRayCast4" type="RayCast" parent="StairRayCasts"]
transform = Transform( 1, 0, 0, 0, 1, 0, 0, 0, 1, 1.2, 1, 0 )
enabled = true
cast_to = Vector3( 0, -0.8, 0 )

[node name="StairRayCast5" type="RayCast" parent="StairRayCasts"]
transform = Transform( 1, 0, 0, 0, 1, 0, 0, 0, 1, 1.2, 1, 0.8 )
enabled = true
cast_to = Vector3( 0, -0.8, 0 )

[node name="StairRayCast6" type="RayCast" parent="StairRayCasts"]
transform = Transform( 1, 0, 0, 0, 1, 0, 0, 0, 1, 1.2, 1, -0.8 )
enabled = true
cast_to = Vector3( 0, -0.8, 0 )

[node name="StairRayCast7" type="RayCast" parent="StairRayCasts"]
transform = Transform( 1, 0, 0, 0, 1, 0, 0, 0, 1, -1.2, 1, 0.8 )
enabled = true
cast_to = Vector3( 0, -0.8, 0 )

[node name="StairRayCast8" type="RayCast" parent="StairRayCasts"]
transform = Transform( 1, 0, 0, 0, 1, 0, 0, 0, 1, -1.2, 1, -0.8 )
enabled = true
cast_to = Vector3( 0, -0.8, 0 )

[node name="PickupArea" type="Area" parent="."]
gravity = 0.0
collision_layer = 2
collision_mask = 2

[node name="CollisionShape" type="CollisionShape" parent="PickupArea"]
transform = Transform( 1, 0, 0, 0, -4.37114e-08, -1, 0, 1, -4.37114e-08, 0, 1.87909, 0 )
shape = SubResource( 4 )
