[gd_scene load_steps=6 format=2]

[ext_resource path="res://scenes/characters/player/remote/RemotePlayer.gd" type="Script" id=1]

[sub_resource type="BoxShape" id=1]
extents = Vector3( 1, 0.521909, 0.0460671 )

[sub_resource type="SphereShape" id=2]
radius = 0.539531

[sub_resource type="BoxShape" id=3]
extents = Vector3( 0.914138, 1.60123, 0.538132 )

[sub_resource type="CapsuleShape" id=4]
radius = 1.39061
height = 2.34726

[node name="Player" type="KinematicBody" groups=[
"Player",
]]
collision_mask = 1024
script = ExtResource( 1 )

[node name="Model" type="CSGSphere" parent="."]
transform = Transform( 0.522237, 0, 0, 0, 0.522237, 0, 0, 0, 0.522237, 0, 2.06903, 0 )

[node name="CSGBox" type="CSGBox" parent="Model"]
transform = Transform( 3.49898, 0, 0, 0, 6.2898, 0, 0, 0, 1.91484, 0, -4.3334, 0 )
width = 1.0
height = 1.0
depth = 1.0

[node name="FeetCollisionShape" type="CollisionShape" parent="." groups=[
"BodyPart",
]]
transform = Transform( 1, 0, 0, 0, -4.37114e-08, -1, 0, 1, -4.37114e-08, 0, -1.8207, 0 )
shape = SubResource( 1 )

[node name="HeadColllisionShape" type="CollisionShape" parent="." groups=[
"HeadPart",
]]
transform = Transform( 1, 0, 0, 0, 1, 0, 0, 0, 1, -0.0146177, 2.06406, 0.0143909 )
shape = SubResource( 2 )

[node name="BodyCollisionShape" type="CollisionShape" parent="." groups=[
"BodyPart",
]]
transform = Transform( 1, 0, 0, 0, 1, 0, 0, 0, 1, -0.0246577, -0.196743, -0.0100179 )
shape = SubResource( 3 )

[node name="Pivot" type="Spatial" parent="."]
transform = Transform( -1, 0, -3.25841e-07, 0, 1, 0, 3.25841e-07, 0, -1, 0, 2.14544, 0.360458 )

[node name="Camera" type="Camera" parent="Pivot"]
far = 3751.4

[node name="WeaponReference" type="Position3D" parent="Pivot"]
transform = Transform( -1, 0, -8.74228e-08, 0, 1, 0, 8.74228e-08, 0, -1, -5.37986e-08, -2.14544, 0.615384 )

[node name="RayCastChecker" type="RayCast" parent="."]
transform = Transform( 1, 0, 0, 0, 1, 0, 0, 0, 1, 0, -0.857563, 0 )
cast_to = Vector3( 0, -0.8, 0 )

[node name="StairRayCasts" type="Spatial" parent="."]
transform = Transform( 1, 0, 0, 0, 1, 0, 0, 0, 1, 0, -1.85756, 0 )

[node name="StairRayCast" type="RayCast" parent="StairRayCasts"]
transform = Transform( 1, 0, 0, 0, 1, 0, 0, 0, 1, 0, 1, 0.8 )
enabled = true
cast_to = Vector3( 0, -0.8, 0 )

[node name="StairRayCast2" type="RayCast" parent="StairRayCasts"]
transform = Transform( 1, 0, 0, 0, 1, 0, 0, 0, 1, 0, 1, -0.8 )
enabled = true
cast_to = Vector3( 0, -0.8, 0 )

[node name="StairRayCast3" type="RayCast" parent="StairRayCasts"]
transform = Transform( 1, 0, 0, 0, 1, 0, 0, 0, 1, -1.2, 1, 0 )
enabled = true
cast_to = Vector3( 0, -0.8, 0 )

[node name="StairRayCast4" type="RayCast" parent="StairRayCasts"]
transform = Transform( 1, 0, 0, 0, 1, 0, 0, 0, 1, 1.2, 1, 0 )
enabled = true
cast_to = Vector3( 0, -0.8, 0 )

[node name="StairRayCast5" type="RayCast" parent="StairRayCasts"]
transform = Transform( 1, 0, 0, 0, 1, 0, 0, 0, 1, 1.2, 1, 0.8 )
enabled = true
cast_to = Vector3( 0, -0.8, 0 )

[node name="StairRayCast6" type="RayCast" parent="StairRayCasts"]
transform = Transform( 1, 0, 0, 0, 1, 0, 0, 0, 1, 1.2, 1, -0.8 )
enabled = true
cast_to = Vector3( 0, -0.8, 0 )

[node name="StairRayCast7" type="RayCast" parent="StairRayCasts"]
transform = Transform( 1, 0, 0, 0, 1, 0, 0, 0, 1, -1.2, 1, 0.8 )
enabled = true
cast_to = Vector3( 0, -0.8, 0 )

[node name="StairRayCast8" type="RayCast" parent="StairRayCasts"]
transform = Transform( 1, 0, 0, 0, 1, 0, 0, 0, 1, -1.2, 1, -0.8 )
enabled = true
cast_to = Vector3( 0, -0.8, 0 )

[node name="PickupArea" type="Area" parent="."]
transform = Transform( 1, 0, 0, 0, 1, 0, 0, 0, 1, 0, -1.85756, 0 )
gravity = 0.0
collision_layer = 2
collision_mask = 2

[node name="CollisionShape" type="CollisionShape" parent="PickupArea"]
transform = Transform( 1, 0, 0, 0, -4.37114e-08, -1, 0, 1, -4.37114e-08, 0, 1.87909, 0 )
shape = SubResource( 4 )

[node name="Tween" type="Tween" parent="."]
