[gd_scene load_steps=8 format=2]

[ext_resource path="res://scenes/gui/menus/settingsmenu/setting/Setting.tscn" type="PackedScene" id=1]
[ext_resource path="res://assets/fonts/ButtonFont.tres" type="DynamicFont" id=2]
[ext_resource path="res://scenes/gui/menus/settingsmenu/setting/keychange/Keychange.gd" type="Script" id=3]
[ext_resource path="res://assets/styleboxes/settings/keychange/KeyChangeHover.tres" type="StyleBox" id=4]
[ext_resource path="res://assets/styleboxes/settings/keychange/KeychangeNormal.tres" type="StyleBox" id=5]
[ext_resource path="res://assets/styleboxes/settings/keychange/KeyChangePressed.tres" type="StyleBox" id=6]
[ext_resource path="res://assets/themes/NeonCrisisDefaultTheme.tres" type="Theme" id=7]

[node name="Setting" instance=ExtResource( 1 )]
size_flags_horizontal = 5
size_flags_vertical = 5
script = ExtResource( 3 )

[node name="HBoxContainer" type="HBoxContainer" parent="." index="0"]
anchor_right = 1.0
anchor_bottom = 1.0
size_flags_horizontal = 3
custom_constants/separation = 1
__meta__ = {
"_edit_use_anchors_": false
}

[node name="Label" type="Label" parent="HBoxContainer" index="0"]
margin_top = 282.0
margin_right = 682.0
margin_bottom = 318.0
size_flags_horizontal = 3
size_flags_stretch_ratio = 2.0
theme = ExtResource( 7 )

[node name="Button" type="Button" parent="HBoxContainer" index="1"]
margin_left = 683.0
margin_top = 279.0
margin_right = 1024.0
margin_bottom = 321.0
focus_mode = 0
size_flags_horizontal = 11
size_flags_vertical = 4
custom_styles/hover = ExtResource( 4 )
custom_styles/pressed = ExtResource( 6 )
custom_styles/normal = ExtResource( 5 )
custom_fonts/font = ExtResource( 2 )
toggle_mode = true
enabled_focus_mode = 0
text = "Unassigned"
clip_text = true
[connection signal="toggled" from="HBoxContainer/Button" to="." method="_on_Button_toggled"]
