[gd_scene load_steps=6 format=2]

[ext_resource path="res://scenes/items/weapons/ray_cast_weapons/RayCastWeapon.tscn" type="PackedScene" id=1]

[sub_resource type="Animation" id=1]
resource_name = "default"
length = 0.1
tracks/0/type = "value"
tracks/0/path = NodePath("Movables:translation")
tracks/0/interp = 1
tracks/0/loop_wrap = true
tracks/0/imported = false
tracks/0/enabled = true
tracks/0/keys = {
"times": PoolRealArray( 0 ),
"transitions": PoolRealArray( 1 ),
"update": 0,
"values": [ Vector3( -0.682797, 1.96129, 1.26996 ) ]
}
tracks/1/type = "value"
tracks/1/path = NodePath("Movables:rotation_degrees")
tracks/1/interp = 1
tracks/1/loop_wrap = true
tracks/1/imported = false
tracks/1/enabled = true
tracks/1/keys = {
"times": PoolRealArray( 0 ),
"transitions": PoolRealArray( 1 ),
"update": 0,
"values": [ Vector3( 0, 0, 0 ) ]
}
tracks/2/type = "value"
tracks/2/path = NodePath("Movables/OmniLight:visible")
tracks/2/interp = 1
tracks/2/loop_wrap = true
tracks/2/imported = false
tracks/2/enabled = true
tracks/2/keys = {
"times": PoolRealArray( 0 ),
"transitions": PoolRealArray( 1 ),
"update": 1,
"values": [ false ]
}

[sub_resource type="Animation" id=2]
length = 0.5
tracks/0/type = "value"
tracks/0/path = NodePath("Movables:translation")
tracks/0/interp = 1
tracks/0/loop_wrap = true
tracks/0/imported = false
tracks/0/enabled = true
tracks/0/keys = {
"times": PoolRealArray( 0, 0.2, 0.5 ),
"transitions": PoolRealArray( 1, 1, 1 ),
"update": 0,
"values": [ Vector3( -0.682797, 1.96129, 1.26996 ), Vector3( -0.473184, 1.96129, 0.870917 ), Vector3( -0.682797, 1.96129, 1.26996 ) ]
}
tracks/1/type = "value"
tracks/1/path = NodePath("Movables:rotation_degrees")
tracks/1/interp = 1
tracks/1/loop_wrap = true
tracks/1/imported = false
tracks/1/enabled = true
tracks/1/keys = {
"times": PoolRealArray( 0, 0.2, 0.5 ),
"transitions": PoolRealArray( 1, 1, 1 ),
"update": 0,
"values": [ Vector3( -0.682797, 1.96129, 1.26996 ), Vector3( -31.132, 0, 0 ), Vector3( -0.682797, 1.96129, 1.26996 ) ]
}
tracks/2/type = "value"
tracks/2/path = NodePath("Movables/OmniLight:visible")
tracks/2/interp = 1
tracks/2/loop_wrap = true
tracks/2/imported = false
tracks/2/enabled = true
tracks/2/keys = {
"times": PoolRealArray( 0, 0.2 ),
"transitions": PoolRealArray( 1, 1 ),
"update": 1,
"values": [ true, false ]
}

[sub_resource type="Animation" id=3]
resource_name = "on_ground"
length = 3.0
loop = true
tracks/0/type = "value"
tracks/0/path = NodePath("Movables:translation")
tracks/0/interp = 1
tracks/0/loop_wrap = true
tracks/0/imported = false
tracks/0/enabled = true
tracks/0/keys = {
"times": PoolRealArray( 0 ),
"transitions": PoolRealArray( 1 ),
"update": 0,
"values": [ Vector3( 0, 0, 0 ) ]
}
tracks/1/type = "value"
tracks/1/path = NodePath("Movables:rotation_degrees")
tracks/1/interp = 1
tracks/1/loop_wrap = true
tracks/1/imported = false
tracks/1/enabled = true
tracks/1/keys = {
"times": PoolRealArray( 0, 1.5, 3 ),
"transitions": PoolRealArray( 1, 1, 1 ),
"update": 0,
"values": [ Vector3( -45, 0, 0 ), Vector3( -45, 180, 0 ), Vector3( -45, 360, 0 ) ]
}

[sub_resource type="Animation" id=4]
resource_name = "reload"
length = 1.5
tracks/0/type = "value"
tracks/0/path = NodePath("Movables:translation")
tracks/0/interp = 1
tracks/0/loop_wrap = true
tracks/0/imported = false
tracks/0/enabled = true
tracks/0/keys = {
"times": PoolRealArray( 0, 0.4, 1.5 ),
"transitions": PoolRealArray( 1, 1, 1 ),
"update": 0,
"values": [ Vector3( -0.682797, 1.96129, 1.26996 ), Vector3( -0.683, 2.099, 1.27 ), Vector3( -0.682797, 1.96129, 1.26996 ) ]
}
tracks/1/type = "value"
tracks/1/path = NodePath("Movables:rotation_degrees")
tracks/1/interp = 1
tracks/1/loop_wrap = true
tracks/1/imported = false
tracks/1/enabled = true
tracks/1/keys = {
"times": PoolRealArray( 0, 0.4, 0.8, 1.5 ),
"transitions": PoolRealArray( 1, 1, 1, 1 ),
"update": 0,
"values": [ Vector3( 0, 0, 0 ), Vector3( -4.193, 0, 0 ), Vector3( -4.193, 0, 45 ), Vector3( 0, 0, 0 ) ]
}

[node name="TestWeapon" instance=ExtResource( 1 )]
is_on_ground = false
item_name = "Basic Gun"

[node name="Timer" parent="." index="0"]
wait_time = 0.5

[node name="AnimationPlayer" parent="." index="1"]
anims/default = SubResource( 1 )
anims/fire = SubResource( 2 )
anims/on_ground = SubResource( 3 )
anims/reload = SubResource( 4 )

[node name="Movables" parent="." index="2"]
transform = Transform( 1, -1.23634e-07, 1.23634e-07, 0, 0.707107, 0.707107, -1.74846e-07, -0.707107, 0.707107, 0, 0, 0 )

[node name="PickupArea" parent="Movables" index="0"]
monitoring = false

[node name="SpotLight" parent="Movables" index="1"]
visible = false

[node name="Model" type="CSGCombiner" parent="Movables" index="2"]
transform = Transform( -1.69839e-08, 0, -0.388546, 0, 0.388546, 0, 0.388546, 0, -1.69839e-08, -0.03, 0, 0.36 )

[node name="CSGBox" type="CSGBox" parent="Movables/Model" index="0"]
transform = Transform( 1.04644, 0, 0, 0, 0.206035, 0, 0, 0, 0.206035, 0, 0, 0 )

[node name="CSGBox2" type="CSGBox" parent="Movables/Model" index="1"]
transform = Transform( -4.57415e-08, 0.206035, 0, -0.387731, -3.33696e-09, 0, 0, 0, 0.206035, -0.826291, -0.572576, 0 )

[node name="OmniLight" type="OmniLight" parent="Movables" index="3"]
transform = Transform( -4.37114e-08, 0, -1, 0, 1, 0, 1, 0, -4.37114e-08, 0.102032, 0.0214899, 0.990938 )
visible = false
light_color = Color( 0.909804, 0.933333, 0.133333, 1 )
light_energy = 1.5
omni_range = 6.0
